<?xml version="1.0" encoding="UTF-8"?>
<!DOCTYPE html PUBLIC "-//W3C//DTD XHTML 1.0 Transitional//EN"
    "http://www.w3.org/TR/xhtml1/DTD/xhtml1-transitional.dtd">
<html xmlns="http://www.w3.org/1999/xhtml" xml:lang="en" lang="en">
 <head>
  <title>
</title>
<meta http-equiv="Content-Type" content="text/html;charset=utf-8" />
  <meta name='ocr-system' content='tesseract 3.04.00' />
  <meta name='ocr-capabilities' content='ocr_page ocr_carea ocr_par ocr_line ocrx_word'/>
</head>
<body>
  <div class='ocr_page' id='page_1' title='image "./conspectusflora02halgoog_0010.png"; bbox 0 0 3186 5182; ppageno 0'>
   <div class='ocr_carea' id='block_1_1' title="bbox 604 1295 916 1404">
    <p class='ocr_par' dir='ltr' id='par_1_1' title="bbox 604 1295 916 1404">
     <span class='ocr_line' id='line_1_1' title="bbox 604 1295 916 1404; baseline 0.006 -2"><span class='ocrx_word' id='word_1_1' title='bbox 604 1295 916 1404; x_wconf 74' lang='lat' dir='ltr'>Praelatio,</span> 
     </span>
    </p>
   </div>
   <div class='ocr_carea' id='block_1_2' title="bbox 138 1626 1384 2544">
    <p class='ocr_par' dir='ltr' id='par_1_2' title="bbox 138 1626 1384 2233">
     <span class='ocr_line' id='line_1_2' title="bbox 225 1626 1384 1708; baseline 0 -18"><span class='ocrx_word' id='word_1_2' title='bbox 225 1629 333 1690; x_wconf 89' lang='lat' dir='ltr'>Plures</span> <span class='ocrx_word' id='word_1_3' title='bbox 355 1631 426 1690; x_wconf 91' lang='lat' dir='ltr'>anni</span> <span class='ocrx_word' id='word_1_4' title='bbox 449 1628 542 1708; x_wconf 83' lang='lat' dir='ltr'>clapsi</span> <span class='ocrx_word' id='word_1_5' title='bbox 558 1637 628 1688; x_wconf 91' lang='lat' dir='ltr'>sunt</span> <span class='ocrx_word' id='word_1_6' title='bbox 643 1649 681 1688; x_wconf 87' lang='lat' dir='ltr'>ex</span> <span class='ocrx_word' id='word_1_7' title='bbox 696 1637 833 1708; x_wconf 86' lang='lat' dir='ltr'>tempore,</span> <span class='ocrx_word' id='word_1_8' title='bbox 859 1647 919 1708; x_wconf 89' lang='lat' dir='ltr'>quo</span> <span class='ocrx_word' id='word_1_9' title='bbox 934 1626 1117 1707; x_wconf 82' lang='lat' dir='ltr'>Conspectus</span> <span class='ocrx_word' id='word_1_10' title='bbox 1132 1627 1384 1691; x_wconf 79' lang='lat' dir='ltr'>Florae-Graecae</span> 
     </span>
     <span class='ocr_line' id='line_1_3' title="bbox 138 1731 1384 1817; baseline 0 -23"><span class='ocrx_word' id='word_1_11' title='bbox 138 1736 169 1794; x_wconf 94' lang='lat' dir='ltr'>in</span> <span class='ocrx_word' id='word_1_12' title='bbox 192 1733 342 1816; x_wconf 82' lang='lat' dir='ltr'>publicam</span> <span class='ocrx_word' id='word_1_13' title='bbox 364 1734 460 1796; x_wconf 88' lang='lat' dir='ltr'>lucem</span> <span class='ocrx_word' id='word_1_14' title='bbox 485 1733 574 1795; x_wconf 86' lang='lat' dir='ltr'>venit.</span> <span class='ocrx_word' id='word_1_15' title='bbox 618 1733 668 1793; x_wconf 84' lang='lat' dir='ltr'>Ex</span> <span class='ocrx_word' id='word_1_16' title='bbox 690 1753 725 1793; x_wconf 89' lang='lat' dir='ltr'>co</span> <span class='ocrx_word' id='word_1_17' title='bbox 747 1740 877 1812; x_wconf 89' lang='lat' dir='ltr'>tempore</span> <span class='ocrx_word' id='word_1_18' title='bbox 899 1732 1028 1793; x_wconf 87' lang='lat' dir='ltr'>botanici</span> <span class='ocrx_word' id='word_1_19' title='bbox 1049 1731 1182 1811; x_wconf 85' lang='lat' dir='ltr'>indigeni</span> <span class='ocrx_word' id='word_1_20' title='bbox 1204 1742 1234 1793; x_wconf 86' lang='lat' dir='ltr'>et</span> <span class='ocrx_word' id='word_1_21' title='bbox 1255 1753 1384 1817; x_wconf 87' lang='lat' dir='ltr'>praeser-</span> 
     </span>
     <span class='ocr_line' id='line_1_4' title="bbox 140 1835 1384 1920; baseline 0.001 -22"><span class='ocrx_word' id='word_1_22' title='bbox 140 1841 194 1899; x_wconf 91' lang='lat' dir='ltr'>tim</span> <span class='ocrx_word' id='word_1_23' title='bbox 216 1839 444 1920; x_wconf 86' lang='lat' dir='ltr'>peregrinatores</span> <span class='ocrx_word' id='word_1_24' title='bbox 460 1837 601 1900; x_wconf 80' lang='lat' dir='ltr'>Graeciae</span> <span class='ocrx_word' id='word_1_25' title='bbox 623 1856 761 1915; x_wconf 86' lang='lat' dir='ltr'>magnam</span> <span class='ocrx_word' id='word_1_26' title='bbox 776 1845 889 1916; x_wconf 87' lang='lat' dir='ltr'>partem</span> <span class='ocrx_word' id='word_1_27' title='bbox 912 1836 1016 1896; x_wconf 86' lang='lat' dir='ltr'>iterum</span> <span class='ocrx_word' id='word_1_28' title='bbox 1033 1835 1136 1897; x_wconf 90' lang='lat' dir='ltr'>sedulo</span> <span class='ocrx_word' id='word_1_29' title='bbox 1151 1835 1384 1917; x_wconf 79' lang='lat' dir='ltr'>exploraverant.</span> 
     </span>
     <span class='ocr_line' id='line_1_5' title="bbox 139 1939 1383 2024; baseline -0.001 -20"><span class='ocrx_word' id='word_1_30' title='bbox 139 1944 178 2004; x_wconf 92' lang='lat' dir='ltr'>In</span> <span class='ocrx_word' id='word_1_31' title='bbox 205 1943 249 2002; x_wconf 91' lang='lat' dir='ltr'>his</span> <span class='ocrx_word' id='word_1_32' title='bbox 283 1941 533 2024; x_wconf 87' lang='lat' dir='ltr'>explorationibus</span> <span class='ocrx_word' id='word_1_33' title='bbox 562 1961 623 2001; x_wconf 93' lang='lat' dir='ltr'>non</span> <span class='ocrx_word' id='word_1_34' title='bbox 652 1939 747 2002; x_wconf 85' lang='lat' dir='ltr'>solum</span> <span class='ocrx_word' id='word_1_35' title='bbox 776 1940 842 2002; x_wconf 89' lang='lat' dir='ltr'>loca</span> <span class='ocrx_word' id='word_1_36' title='bbox 878 1961 956 2003; x_wconf 90' lang='lat' dir='ltr'>nova</span> <span class='ocrx_word' id='word_1_37' title='bbox 984 1940 1133 2022; x_wconf 86' lang='lat' dir='ltr'>permulta</span> <span class='ocrx_word' id='word_1_38' title='bbox 1161 1944 1322 2021; x_wconf 82' lang='lat' dir='ltr'>specierum</span> <span class='ocrx_word' id='word_1_39' title='bbox 1351 1944 1383 2004; x_wconf 92' lang='lat' dir='ltr'>in</span> 
     </span>
     <span class='ocr_line' id='line_1_6' title="bbox 140 2045 1378 2128; baseline -0.001 -18"><span class='ocrx_word' id='word_1_40' title='bbox 140 2049 310 2128; x_wconf 83' lang='lat' dir='ltr'>Conspectu</span> <span class='ocrx_word' id='word_1_41' title='bbox 331 2048 392 2128; x_wconf 83' lang='lat' dir='ltr'>jam</span> <span class='ocrx_word' id='word_1_42' title='bbox 407 2048 614 2108; x_wconf 88' lang='lat' dir='ltr'>recensitarum</span> <span class='ocrx_word' id='word_1_43' title='bbox 631 2055 719 2126; x_wconf 86' lang='lat' dir='ltr'>atque</span> <span class='ocrx_word' id='word_1_44' title='bbox 734 2046 813 2107; x_wconf 91' lang='lat' dir='ltr'>cives</span> <span class='ocrx_word' id='word_1_45' title='bbox 835 2065 930 2107; x_wconf 86' lang='lat' dir='ltr'>novae</span> <span class='ocrx_word' id='word_1_46' title='bbox 951 2051 1005 2127; x_wconf 89' lang='lat' dir='ltr'>pro</span> <span class='ocrx_word' id='word_1_47' title='bbox 1028 2045 1104 2106; x_wconf 79' lang='lat' dir='ltr'>flora</span> <span class='ocrx_word' id='word_1_48' title='bbox 1114 2066 1219 2126; x_wconf 80' lang='lat' dir='ltr'>graeca</span> <span class='ocrx_word' id='word_1_49' title='bbox 1232 2047 1378 2120; x_wconf 86' lang='lat' dir='ltr'>inventae,</span> 
     </span>
     <span class='ocr_line' id='line_1_7' title="bbox 142 2150 958 2233; baseline -0.004 -20"><span class='ocrx_word' id='word_1_50' title='bbox 142 2152 196 2213; x_wconf 88' lang='lat' dir='ltr'>sed</span> <span class='ocrx_word' id='word_1_51' title='bbox 219 2153 308 2213; x_wconf 89' lang='lat' dir='ltr'>etiam</span> <span class='ocrx_word' id='word_1_52' title='bbox 331 2153 441 2233; x_wconf 88' lang='lat' dir='ltr'>species</span> <span class='ocrx_word' id='word_1_53' title='bbox 464 2153 587 2213; x_wconf 91' lang='lat' dir='ltr'>omnino</span> <span class='ocrx_word' id='word_1_54' title='bbox 608 2172 705 2212; x_wconf 87' lang='lat' dir='ltr'>novae</span> <span class='ocrx_word' id='word_1_55' title='bbox 727 2150 858 2212; x_wconf 82' lang='lat' dir='ltr'>detectae</span> <span class='ocrx_word' id='word_1_56' title='bbox 880 2160 958 2211; x_wconf 89' lang='lat' dir='ltr'>sunt.</span> 
     </span>
    </p>

    <p class='ocr_par' dir='ltr' id='par_1_3' title="bbox 143 2254 1384 2441">
     <span class='ocr_line' id='line_1_8' title="bbox 228 2254 1384 2336; baseline 0 -20"><span class='ocrx_word' id='word_1_57' title='bbox 228 2256 360 2329; x_wconf 81' lang='lat' dir='ltr'>Accedit,</span> <span class='ocrx_word' id='word_1_58' title='bbox 384 2256 463 2336; x_wconf 92' lang='lat' dir='ltr'>quod</span> <span class='ocrx_word' id='word_1_59' title='bbox 478 2256 696 2316; x_wconf 83' lang='lat' dir='ltr'>dissertationes</span> <span class='ocrx_word' id='word_1_60' title='bbox 719 2254 881 2316; x_wconf 78' lang='lat' dir='ltr'>nonnullae</span> <span class='ocrx_word' id='word_1_61' title='bbox 903 2275 1020 2336; x_wconf 90' lang='lat' dir='ltr'>quoque</span> <span class='ocrx_word' id='word_1_62' title='bbox 1042 2255 1073 2314; x_wconf 91' lang='lat' dir='ltr'>in</span> <span class='ocrx_word' id='word_1_63' title='bbox 1095 2254 1194 2315; x_wconf 88' lang='lat' dir='ltr'>diariis</span> <span class='ocrx_word' id='word_1_64' title='bbox 1216 2255 1384 2316; x_wconf 83' lang='lat' dir='ltr'>scientificis</span> 
     </span>
     <span class='ocr_line' id='line_1_9' title="bbox 143 2360 859 2441; baseline 0.006 -21"><span class='ocrx_word' id='word_1_65' title='bbox 143 2361 292 2441; x_wconf 86' lang='lat' dir='ltr'>dispersae</span> <span class='ocrx_word' id='word_1_66' title='bbox 313 2360 419 2420; x_wconf 87' lang='lat' dir='ltr'>floram</span> <span class='ocrx_word' id='word_1_67' title='bbox 441 2381 573 2440; x_wconf 87' lang='lat' dir='ltr'>graecam</span> <span class='ocrx_word' id='word_1_68' title='bbox 596 2360 859 2441; x_wconf 85' lang='lat' dir='ltr'>perlustraverunt.</span> 
     </span>
    </p>

    <p class='ocr_par' dir='ltr' id='par_1_4' title="bbox 227 2463 1383 2544">
     <span class='ocr_line' id='line_1_10' title="bbox 227 2463 1383 2544; baseline 0 -20"><span class='ocrx_word' id='word_1_69' title='bbox 227 2465 276 2524; x_wconf 89' lang='lat' dir='ltr'>Ex</span> <span class='ocrx_word' id='word_1_70' title='bbox 283 2466 328 2525; x_wconf 92' lang='lat' dir='ltr'>his</span> <span class='ocrx_word' id='word_1_71' title='bbox 344 2466 439 2525; x_wconf 91' lang='lat' dir='ltr'>causis</span> <span class='ocrx_word' id='word_1_72' title='bbox 455 2464 527 2524; x_wconf 90' lang='lat' dir='ltr'>mihi</span> <span class='ocrx_word' id='word_1_73' title='bbox 535 2486 595 2526; x_wconf 93' lang='lat' dir='ltr'>non</span> <span class='ocrx_word' id='word_1_74' title='bbox 607 2463 710 2525; x_wconf 87' lang='lat' dir='ltr'>inutile</span> <span class='ocrx_word' id='word_1_75' title='bbox 719 2464 883 2544; x_wconf 83' lang='lat' dir='ltr'>videbatur,</span> <span class='ocrx_word' id='word_1_76' title='bbox 899 2466 953 2524; x_wconf 85' lang='lat' dir='ltr'>has</span> <span class='ocrx_word' id='word_1_77' title='bbox 968 2464 1210 2543; x_wconf 86' lang='lat' dir='ltr'>investigationes</span> <span class='ocrx_word' id='word_1_78' title='bbox 1225 2463 1383 2538; x_wconf 83' lang='lat' dir='ltr'>floristicas</span> 
     </span>
    </p>
   </div>
   <div class='ocr_carea' id='block_1_3' title="bbox 140 2567 1385 2735">
    <p class='ocr_par' dir='ltr' id='par_1_5' title="bbox 140 2567 1385 2735">
     <span class='ocr_line' id='line_1_11' title="bbox 140 2567 1385 2650; baseline 0.001 -22"><span class='ocrx_word' id='word_1_79' title='bbox 140 2572 170 2629; x_wconf 94' lang='lat' dir='ltr'>in</span> <span class='ocrx_word' id='word_1_80' title='bbox 194 2569 249 2629; x_wconf 92' lang='lat' dir='ltr'>boo</span> <span class='ocrx_word' id='word_1_81' title='bbox 272 2569 477 2648; x_wconf 86' lang='lat' dir='ltr'>supplemento</span> <span class='ocrx_word' id='word_1_82' title='bbox 499 2569 582 2631; x_wconf 90' lang='lat' dir='ltr'>brevi</span> <span class='ocrx_word' id='word_1_83' title='bbox 604 2571 635 2630; x_wconf 91' lang='lat' dir='ltr'>in</span> <span class='ocrx_word' id='word_1_84' title='bbox 658 2578 817 2649; x_wconf 87' lang='lat' dir='ltr'>conspectu</span> <span class='ocrx_word' id='word_1_85' title='bbox 846 2589 955 2650; x_wconf 89' lang='lat' dir='ltr'>ponere</span> <span class='ocrx_word' id='word_1_86' title='bbox 978 2577 1007 2628; x_wconf 88' lang='lat' dir='ltr'>et</span> <span class='ocrx_word' id='word_1_87' title='bbox 1029 2569 1129 2629; x_wconf 88' lang='lat' dir='ltr'>amicis</span> <span class='ocrx_word' id='word_1_88' title='bbox 1151 2567 1244 2630; x_wconf 87' lang='lat' dir='ltr'>florae</span> <span class='ocrx_word' id='word_1_89' title='bbox 1266 2589 1385 2648; x_wconf 83' lang='lat' dir='ltr'>graecae</span> 
     </span>
     <span class='ocr_line' id='line_1_12' title="bbox 142 2673 521 2735; baseline 0.003 -2"><span class='ocrx_word' id='word_1_90' title='bbox 142 2673 285 2735; x_wconf 87' lang='lat' dir='ltr'>benevole</span> <span class='ocrx_word' id='word_1_91' title='bbox 308 2674 521 2735; x_wconf 87' lang='lat' dir='ltr'>commendare.</span> 
     </span>
    </p>
   </div>
   <div class='ocr_carea' id='block_1_4' title="bbox 140 2775 1387 3465">
    <p class='ocr_par' dir='ltr' id='par_1_6' title="bbox 140 2775 1387 3465">
     <span class='ocr_line' id='line_1_13' title="bbox 227 2775 1385 2858; baseline -0.002 -19"><span class='ocrx_word' id='word_1_92' title='bbox 227 2779 346 2851; x_wconf 87' lang='lat' dir='ltr'>Restat,</span> <span class='ocrx_word' id='word_1_93' title='bbox 385 2787 419 2838; x_wconf 91' lang='lat' dir='ltr'>ut</span> <span class='ocrx_word' id='word_1_94' title='bbox 447 2779 555 2857; x_wconf 84' lang='lat' dir='ltr'>gratias</span> <span class='ocrx_word' id='word_1_95' title='bbox 593 2798 684 2858; x_wconf 94' lang='lat' dir='ltr'>quam</span> <span class='ocrx_word' id='word_1_96' title='bbox 721 2778 864 2838; x_wconf 85' lang='lat' dir='ltr'>maximas</span> <span class='ocrx_word' id='word_1_97' title='bbox 902 2798 987 2857; x_wconf 83' lang='lat' dir='ltr'>agam</span> <span class='ocrx_word' id='word_1_98' title='bbox 1025 2777 1095 2839; x_wconf 89' lang='lat' dir='ltr'>viris</span> <span class='ocrx_word' id='word_1_99' title='bbox 1131 2775 1385 2858; x_wconf 87' lang='lat' dir='ltr'>praeclarissimis:</span> 
     </span>
     <span class='ocr_line' id='line_1_14' title="bbox 141 2880 1387 2960; baseline -0.002 -17"><span class='ocrx_word' id='word_1_100' title='bbox 141 2882 354 2943; x_wconf 91' lang='lat' dir='ltr'>Adamovic</span> <span class='ocrx_word' id='word_1_101' title='bbox 376 2883 423 2956; x_wconf 89' lang='lat' dir='ltr'>L.,</span> <span class='ocrx_word' id='word_1_102' title='bbox 446 2881 691 2955; x_wconf 64' lang='lat' dir='ltr'>Bioknellc„</span> <span class='ocrx_word' id='word_1_103' title='bbox 715 2880 840 2942; x_wconf 88' lang='lat' dir='ltr'>Brctzl</span> <span class='ocrx_word' id='word_1_104' title='bbox 858 2881 911 2954; x_wconf 69' lang='lat' dir='ltr'>H„</span> <span class='ocrx_word' id='word_1_105' title='bbox 936 2881 1199 2960; x_wconf 86' lang='lat' dir='ltr'>GrimburgO.‚</span> <span class='ocrx_word' id='word_1_106' title='bbox 1222 2880 1387 2942; x_wconf 88' lang='lat' dir='ltr'>Lacaita</span> 
     </span>
     <span class='ocr_line' id='line_1_15' title="bbox 142 2984 1385 3066; baseline -0.002 -18"><span class='ocrx_word' id='word_1_107' title='bbox 142 2987 187 3059; x_wconf 68' lang='lat' dir='ltr'>O„</span> <span class='ocrx_word' id='word_1_108' title='bbox 232 2987 413 3060; x_wconf 84' lang='lat' dir='ltr'>MaireR.,</span> <span class='ocrx_word' id='word_1_109' title='bbox 458 2987 798 3066; x_wconf 87' lang='lat' dir='ltr'>PetitmenginM.,</span> <span class='ocrx_word' id='word_1_110' title='bbox 842 2984 1017 3048; x_wconf 81' lang='lat' dir='ltr'>Sterneck</span> <span class='ocrx_word' id='word_1_111' title='bbox 1039 2985 1078 3058; x_wconf 66' lang='lat' dir='ltr'>J„</span> <span class='ocrx_word' id='word_1_112' title='bbox 1122 2985 1265 3045; x_wconf 88' lang='lat' dir='ltr'>Tuntas</span> <span class='ocrx_word' id='word_1_113' title='bbox 1287 2984 1323 3048; x_wconf 93' lang='lat' dir='ltr'>B.</span> <span class='ocrx_word' id='word_1_114' title='bbox 1355 2995 1385 3046; x_wconf 88' lang='lat' dir='ltr'>et</span> 
     </span>
     <span class='ocr_line' id='line_1_16' title="bbox 143 3089 1386 3171; baseline 0 -19"><span class='ocrx_word' id='word_1_115' title='bbox 143 3090 256 3152; x_wconf 90' lang='lat' dir='ltr'>Wille</span> <span class='ocrx_word' id='word_1_116' title='bbox 274 3090 305 3150; x_wconf 88' lang='lat' dir='ltr'>N</span> <span class='ocrx_word' id='word_1_117' title='bbox 308 3137 324 3164; x_wconf 86' lang='lat'>.‚</span> <span class='ocrx_word' id='word_1_118' title='bbox 347 3092 395 3171; x_wconf 92' lang='lat' dir='ltr'>qui</span> <span class='ocrx_word' id='word_1_119' title='bbox 413 3091 484 3150; x_wconf 85' lang='lat' dir='ltr'>mihi</span> <span class='ocrx_word' id='word_1_120' title='bbox 506 3091 626 3171; x_wconf 88' lang='lat' dir='ltr'>plantas</span> <span class='ocrx_word' id='word_1_121' title='bbox 647 3111 715 3152; x_wconf 84' lang='lat' dir='ltr'>suas</span> <span class='ocrx_word' id='word_1_122' title='bbox 729 3092 890 3152; x_wconf 83' lang='lat' dir='ltr'>exsiccatas</span> <span class='ocrx_word' id='word_1_123' title='bbox 906 3090 1072 3169; x_wconf 88' lang='lat' dir='ltr'>benigniter</span> <span class='ocrx_word' id='word_1_124' title='bbox 1086 3089 1386 3152; x_wconf 87' lang='lat' dir='ltr'>communicaverunt</span> 
     </span>
     <span class='ocr_line' id='line_1_17' title="bbox 142 3193 1384 3275; baseline -0.001 -20"><span class='ocrx_word' id='word_1_125' title='bbox 142 3194 261 3255; x_wconf 87' lang='lat' dir='ltr'>Gratias</span> <span class='ocrx_word' id='word_1_126' title='bbox 290 3216 406 3275; x_wconf 87' lang='lat' dir='ltr'>quoque</span> <span class='ocrx_word' id='word_1_127' title='bbox 434 3197 579 3255; x_wconf 84' lang='lat' dir='ltr'>maximas</span> <span class='ocrx_word' id='word_1_128' title='bbox 607 3195 819 3256; x_wconf 87' lang='lat' dir='ltr'>illustrissimae</span> <span class='ocrx_word' id='word_1_129' title='bbox 847 3195 1013 3256; x_wconf 85' lang='lat' dir='ltr'>academiae</span> <span class='ocrx_word' id='word_1_130' title='bbox 1041 3193 1202 3254; x_wconf 89' lang='lat' dir='ltr'>litterarum</span> <span class='ocrx_word' id='word_1_131' title='bbox 1234 3213 1384 3254; x_wconf 81' lang='lat' dir='ltr'>caesareae</span> 
     </span>
     <span class='ocr_line' id='line_1_18' title="bbox 140 3294 1385 3380; baseline -0.002 -21"><span class='ocrx_word' id='word_1_132' title='bbox 140 3297 354 3359; x_wconf 87' lang='lat' dir='ltr'>vindobonensi</span> <span class='ocrx_word' id='word_1_133' title='bbox 377 3298 477 3364; x_wconf 80' lang='lat' dir='ltr'>debeo,</span> <span class='ocrx_word' id='word_1_134' title='bbox 500 3318 575 3378; x_wconf 87' lang='lat' dir='ltr'>quae</span> <span class='ocrx_word' id='word_1_135' title='bbox 598 3319 644 3359; x_wconf 90' lang='lat' dir='ltr'>me</span> <span class='ocrx_word' id='word_1_136' title='bbox 666 3301 696 3360; x_wconf 93' lang='lat' dir='ltr'>in</span> <span class='ocrx_word' id='word_1_137' title='bbox 719 3299 845 3360; x_wconf 91' lang='lat' dir='ltr'>editione</span> <span class='ocrx_word' id='word_1_138' title='bbox 863 3298 952 3380; x_wconf 80' lang='lat' dir='ltr'>hujus</span> <span class='ocrx_word' id='word_1_139' title='bbox 967 3296 1164 3380; x_wconf 88' lang='lat' dir='ltr'>supplementi</span> <span class='ocrx_word' id='word_1_140' title='bbox 1179 3294 1385 3358; x_wconf 87' lang='lat' dir='ltr'>liberalissima</span> 
     </span>
     <span class='ocr_line' id='line_1_19' title="bbox 141 3402 489 3465; baseline 0.011 -4"><span class='ocrx_word' id='word_1_141' title='bbox 141 3402 345 3463; x_wconf 78' lang='lat' dir='ltr'>munificentia</span> <span class='ocrx_word' id='word_1_142' title='bbox 367 3402 489 3465; x_wconf 91' lang='lat' dir='ltr'>adiuvit.</span> 
     </span>
    </p>
   </div>
   <div class='ocr_carea' id='block_1_5' title="bbox 0 0 1603 5182">
    <p class='ocr_par' dir='ltr' id='par_1_7' title="bbox 0 0 1603 5182">
     <span class='ocr_line' id='line_1_20' title="bbox 0 0 1603 5182; baseline 0 0"><span class='ocrx_word' id='word_1_143' title='bbox 0 0 1603 5182; x_wconf 95' lang='lat' dir='ltr'> </span> 
     </span>
    </p>
   </div>
  </div>
 </body>
</html>
