3186 5182
755 369 919 431 Compositae.

213 543 291 605 loliis
313 544 501 606 inferioribus
534 545 777 626 pinnatipartitis,
807 545 953 606 involucri
983 546 1095 625 phyllis
1125 552 1205 610 2.-3
1215 546 1266 626 plo
1293 546 1457 618 latioribus,

212 652 267 691 nec
282 630 601 704 attenuato-subulat:s,
625 631 815 692 exterioribus
831 632 976 703 deflexis;
1000 633 1037 694 ab
1065 631 1100 696 O.
1118 631 1350 714 Sibtborpt'ano
1374 632 1458 694 caule

212 716 332 790 elatiori,
347 717 407 777 late
422 717 510 789 elato,
532 718 707 778 indumento
721 739 782 779 non
798 717 1050 792 albo-tomentoso‚
1071 719 1215 780 involucri
1229 718 1325 798 glabri
1346 719 1457 799 phyllis

210 803 401 875 'brevioribus
424 803 566 864 flosculos
588 826 649 866 non
672 805 876 885 aequantibus,
919 803 954 868 O.
971 804 1197 870 messeniorum
1213 804 1292 866 foliis
1307 806 1456 885 profunde

211 891 313 950 divisis
335 890 423 957 facile
444 890 642 970 distinguitur.
1092 959 1100 973 ι

299 977 337 1037 In
360 986 411 1037 mt.
433 978 568 1056 Dirphys
591 978 731 1038 Euboeae
752 976 882 1056 (Bretzl).
906 1014 946 1022 —
970 978 1034 1040 Jul.
1058 978 1138 1058 Aug.
1164 980 1213 1057 Θ.

127 1109 177 1164 123
299 1096 501 1170 Cnopordon
535 1098 745 1159 caulescens.
792 1098 880 1159 Adde
909 1098 989 1159 loca:
1019 1098 1183 1178 Cycladum
1221 1100 1277 1162 ins.
1307 1099 1455 1182 Seriphos,

213 1184 339 1245 Rhenea
362 1185 509 1262 (Tantas).

127 1316 177 1370 125
300 1302 483 1380 (tyrimnas
506 1305 765 1380 leucographus.
787 1304 890 1365 Adde:
913 1305 1014 1365 differt
1037 1325 1055 1366 a
1076 1305 1181 1367 habitu
1211 1306 1299 1366 simili
1329 1306 1456 1371 Careiae

207 1390 442 1472 pyoaocephalo
465 1402 495 1451 et
518 1390 677 1455 aciculara'
691 1402 804 1472 praeter
819 1391 973 1452 filamenta
995 1393 1025 1451 in
1042 1393 1183 1471 vaginam
1205 1402 1342 1466 connata,
1366 1395 1455 1473 pappi

213 1480 282 1538 setis
306 1477 391 1538 basin
413 1498 514 1538 versus
537 1477 679 1550 laevibus‚
703 1499 757 1539 nec
778 1479 899 1539 omuino
923 1479 1041 1541 scabris.

212 1686 234 1747 k
275 1597 483 1761 flamm
505 1600 705 1660 tomentosa.
751 1599 839 1660 Adde
861 1599 973 1659 locum:
1001 1600 1143 1680 Corcyra:
1174 1600 1229 1661 ins.
1253 1600 1333 1663 Vido
1356 1600 1456 1679 (Kras-

235 1695 333 1747 ovrts.

126 1830 176 1885 126
299 1805 694 1878 Chamaepeucemutice.
718 1806 806 1868 Adde
819 1806 899 1867 loca:
922 1806 1107 1868 Acarnania:
1127 1828 1170 1886 pr.
1186 1806 1319 1887 Mytikae
1331 1807 1456 1886 (Maire);

82 1924 84 1929 ·
212 1894 348 1955 Euboea:
378 1914 420 1972 pr.
444 1892 546 1952 Limni
568 1894 713 1970 (Leonisij
744 1894 846 1955 Creta:
878 1903 929 1954 rnt.
960 1893 1023 1965 Ida,
1053 1893 1346 1970 achaemeniam
1374 1894 1454 1955 distr.

213 1980 373 2052 Pedhiada,
398 1979 436 2039 ad
459 1980 539 2040 Kavi
562 1980 693 2040 Kastelli
715 1980 797 2042 distr.
821 1980 966 2040 Temenos
989 1979 1110 2059 (ealda.

126 2118 175 2172 136
297 2102 355 2162 Pro
379 2099 568 2162 Centaurea
590 2100 680 2176 alba,
703 2111 780 2180 pone
804 2098 839 2161 C.
863 2100 1065 2175 leucolepsis
1090 2101 1154 2163 DC.
1178 2122 1220 2181 pr.
1247 2101 1304 2164 VI.
1326 2123 1356 2181 p.
1381 2106 1455 2174 568,

212 2208 282 2248 narn
304 2187 479 2250 observante
501 2186 613 2267 Hayek
635 2189 666 2247 in
689 2210 712 2247 z.
736 2187 763 2250 b.
779 2187 849 2250 Ges.
877 2193 956 2251 1901
982 2209 1009 2267 p.
1037 2194 1078 2251 10
1105 2189 1216 2268 species
1239 2187 1415 2249 Liunaeana
1440 2208 1458 2247 a

212 2284 312 2335 nostra
334 2275 451 2334 diversa
473 2283 502 2334 et
523 2275 554 2333 in
570 2274 719 2353 Hispania
741 2273 978 2338 tantumcrescit.
1014 2276 1092 2335 Dein
1114 2274 1190 2336 adde
1211 2275 1324 2335 locum:
1351 2275 1457 2334 Doris:

212 2383 255 2441 pr.
279 2362 418 2422 Dremisa
440 2360 566 2439 (Maire).
1509 2363 1517 2370 '

127 2498 178 2553 138
302 2479 491 2542 Centaurea
514 2480 686 2554 depressa.
732 2482 782 2542 Ex
804 2482 923 2542 Bornm.
954 2481 984 2540 in
1014 2501 1112 2560 magy.
1142 2482 1201 2542 bot.
1231 2480 1290 2559 lap.
1323 2481 1406 2543 1905
1430 2501 1458 2560 p.

214 2574 277 2632 260
300 2566 406 2646 planta
419 2587 531 2646 graeca,
554 2590 573 2628 a
588 2568 758 2640 Heldreioh‚
782 2567 998 2628 Hausslrnecht
1019 2578 1048 2627 et
1070 2588 1088 2628 a
1110 2588 1156 2627 me
1178 2567 1367 2628 hocnomine
1383 2565 1460 2628 salu·

213 2664 282 2727 tata,
306 2675 324 2713 a
346 2656 442 2733 specie
465 2654 717 2716 Biebersleiuiana
738 2655 867 2714 acheniis
896 2652 988 2715 calvis
1017 2657 1083 2734 (nec
1105 2654 1257 2733 papposis)
1285 2653 1410 2714 discedit
1431 2662 1460 2712 et

213 2741 251 2802 ad
278 2738 313 2804 (i.
337 2739 483 2804 Pinarclt'
508 2739 588 2801 Bois.
611 2742 710 2820 diagn.
735 2739 793 2805 IV.
824 2762 854 2820 p.
881 2746 918 2801 17
942 2743 1076 2820 pertinet,
1107 2741 1159 2800 sed
1181 2741 1260 2809 haec,
1292 2739 1397 2800 saltem
1421 2760 1459 2798 ex

213 2828 407 2906 descriptione
429 2829 545 2900 autoris,
568 2828 701 2889 caulibus
714 2827 842 2909 pumilis
867 2826 1148 2906 3-6pollicaribus
1171 2836 1295 2900 tantum,
1319 2825 1458 2905 capitulis

214 2915 374 2975 minoribus
397 2925 426 2974 et
447 2915 617 2995 phyllorunr
640 2914 767 2975 fimbriis
790 2915 934 2993 elongatis
958 2934 976 2974 a
997 2923 1098 2974 nostra
1119 2913 1269 2973 discedere
1290 2913 1416 2974 videtur.

128 3054 177 3107 145
213 3123 260 3201 (M
301 3034 489 3096 Centaurea
525 3035 685 3097 lacerata.
731 3035 818 3096 Adde
848 3035 959 3096 locum:
997 3035 1182 3095 Acarnania:
1226 3043 1277 3095 mt.
1311 3033 1460 3093 Bumistos

261 3123 340 3197 aire).
630 3145 633 3149 ⁴

130 3261 180 3316 146
303 3241 492 3304 Centaurea
521 3241 650 3303 affinia.
704 3242 793 3303 Adde
825 3241 946 3303 locum:
972 3242 1072 3303 Doris:
1102 3250 1153 3304 mt.
1185 3241 1287 3302 Kiona
1323 3240 1460 3321 (Maire);

213 3330 281 3391 dein
305 3350 365 3390 var.
390 3352 414 3392 a.
438 3328 631 3393 subocculte.
654 3329 756 3391 Caulis
779 3328 947 3400 subnullus,
970 3328 1101 3408 capitula
1125 3333 1217 3400 1-3‚
1247 3326 1394 3387 radicale.
1421 3360 1459 3373 —

213 3417 335 3496 Epirus:
358 3415 397 3476 ad
419 3416 532 3475 iontem
554 3415 768 3500 Nereidovrysi
790 3415 899 3476 dictam
928 3425 980 3476 rnt
1003 3414 1134 3476 Nereida
1164 3415 1238 3475 inter
1262 3414 1400 3474 Mutsura
1431 3422 1462 3473 et

214 3501 408 3567 Grevenoseli
430 3502 556 3582 (Maire).
612 3560 615 3565 .

130 3624 179 3678 147
214 3702 259 3780 (M
280 3703 286 3716 .
304 3613 492 3775 Centaurea
530 3613 757 3678 macedonica.
810 3614 897 3675 Adde
936 3614 1048 3676 locum:
1086 3614 1191 3675 Doris:
1236 3634 1279 3692 pr.
1322 3612 1462 3672 Dremisa

261 3722 339 3762 aire.

129 3832 178 3887 149
303 3796 492 3883 Centaurea
514 3821 615 3896 pella.
639 3822 728 3882 Adde
749 3822 858 3884 locum:
883 3823 1003 3884 Phocis:
1026 3821 1064 3882 ad
1086 3840 1173 3900 rupes
1196 3818 1395 3880 Phaedriades
1417 3839 1461 3897 pr.

214 3910 325 3989 Delphi
347 3910 472 3988 (Maire).

133 4039 181 4092 151
228 4109 253 4169 B
307 4021 496 4188 (llpntaurea
518 4020 775 4082 Zuccariniana.
804 4020 893 4081 Adde
916 4020 1028 4081 locum:
1051 4019 1176 4079 Achaia:
1200 4038 1244 4097 pr.
1267 4013 1463 4095 Stymphalos

215 4115 225 4187 (
254 4119 313 4169 retr
340 4159 346 4172 .

128 4249 178 4302 152
302 4229 484 4293 Centauria
507 4231 657 4303 spinosa.
702 4229 804 4291 Adde:
829 4227 992 4308 Cycladum
1015 4229 1070 4288 ins.
1093 4224 1315 4305 Pholegandros
1330 4222 1462 4303 (Bretzl).

129 4353 178 4406 153
303 4341 492 4405 Centaurea
516 4342 712 4416 Sibthorpii.
743 4341 831 4402 Adde
853 4340 966 4401 locum:
991 4341 1106 4400 Attica:
1130 4338 1168 4398 ad
1184 4337 1308 4398 Chassia
1330 4333 1462 4414 (Bretal).

130 4457 180 4513 156
228 4544 262 4604 Μ
304 4456 492 4518 Centaurea
516 4453 735 4518 Cuiceiardii.
781 4453 870 4514 Adde
901 4452 1016 4513 locum:
1046 4451 1230 4513 Acarnania:
1261 4470 1304 4528 pr.
1328 4448 1463 4528 Mytilras

213 4550 224 4621 1
262 4545 340 4619 aire).
