3186 5182
577 364 718 416 Violaceae.
755 365 943 429 Polygalaceae.
1352 363 1385 420 15

137 539 235 613 aliam,
258 539 427 620 praesertim
447 538 569 619 Olympi
589 539 735 623 bithynici
757 537 893 612 incolam,
915 539 976 618 jam
999 537 1037 599 ab
1060 537 1226 599 auctoribus
1249 539 1319 616 ipsis
1338 539 1386 599 hic

138 627 235 688 solum
259 626 425 698 indicatam,
458 627 535 686 sistit
555 634 585 686 et
611 626 640 685 in
665 625 776 686 ditione
798 635 899 685 nostra
920 646 982 686 non
1004 626 1115 686 crescit
1138 625 1224 687 Haec
1253 625 1287 690 V.
1310 644 1386 706 pra·

138 712 213 778 eilia
234 733 304 773 vera
326 713 454 773 identica
476 721 522 773 est
550 733 617 772 cum
647 722 749 792 postea
778 713 924 792 descripta
952 711 988 775 V.
1019 711 1147 776 tricolor
1175 732 1203 776 a.
1229 709 1386 793 olympica

139 800 256 862 Grisob.
280 802 352 880 spic.
377 800 400 860 Ι.
428 820 457 879 p.
482 805 542 862 237
577 812 607 859 et
635 820 701 860 cum
738 798 773 862 V.
802 796 959 881 olympica
987 798 1065 860 Bois.
1094 799 1193 879 diagn.
1225 819 1278 862 ser.
1310 804 1337 871 2,
1361 798 1385 871 Ι,

138 908 167 967 p.
195 893 243 958 55,
269 887 314 946 Fi.
337 907 377 947 or.
400 886 427 959 I,
448 907 478 966 p.
502 891 565 948 464
584 895 613 946 et
627 885 768 946 differta
792 897 892 946 nostra
918 884 1051 947 caulibus
1069 885 1256 958 abbreviatis,
1279 886 1384 965 caespi-

138 975 223 1045 tosis,
246 972 324 1033 foliis
347 971 589 1052 ovatooblongis‚
612 972 797 1033 obtusissime
819 974 952 1044 crenatis,
983 973 1094 1033 infimis
1126 972 1386 1034 subcordatoorbi·

138 1059 301 1131 cularibus,
336 1059 453 1139 stipulis
483 1058 653 1132 multifidis,
682 1059 789 1121 lacinia
819 1058 965 1119 terminali
995 1059 1119 1120 foliacea
1149 1069 1180 1119 et
1217 1060 1386 1139 praesertim

139 1146 246 1207 calcari
270 1146 359 1217 brevi,
383 1145 596 1226 appendicibus
620 1145 711 1225 duplo
727 1156 841 1206 tantum
857 1144 997 1224 longiore.
1014 1183 1054 1191 -
1080 1145 1115 1209 V.
1131 1165 1250 1228 praeca
1265 1147 1388 1207 occurrit

139 1253 257 1312 quoque
279 1234 310 1292 in
334 1243 386 1295 mt.
410 1233 561 1293 Bumistos
584 1233 774 1293 Acarnaniae
796 1233 921 1312 (Maire).

227 1354 326 1417 Viola
355 1352 497 1434 gracilis
526 1363 562 1434 p.
589 1353 728 1415 cubare.
774 1355 865 1415 Hanc
894 1355 981 1415 hodie
1010 1366 1044 1414 ut
1075 1354 1202 1434 speciem
1232 1355 1386 1433 propriam,

139 1452 208 1589 pepp
236 1440 271 1504 V.
301 1444 452 1522 praecare
475 1440 528 1519 (V.
550 1440 704 1524 precidem
734 1441 856 1521 Consp.)
885 1441 1078 1513 inserendam,
1108 1442 1149 1502 sic
1178 1441 1386 1513 definiendam,

161 1549 180 1588 a
201 1549 250 1589 eo:

231 1653 294 1713 15*.
320 1651 358 1714 V.
383 1650 512 1713 euboea
533 1651 606 1711 Hal.
629 1669 729 1730 consp.
752 1651 777 1722 I,
811 1672 839 1731 p.
866 1657 924 1712 141
949 1672 1002 1731 pro
1025 1672 1085 1712 var.
1123 1650 1157 1714 V.
1178 1648 1322 1732 praediis.
1345 1686 1387 1695 —

146 1737 182 1800 V.
207 1736 423 1819 beteropbylla
446 1757 472 1800 v.
497 1738 613 1801 euboea
642 1737 756 1798 Becker
788 1738 819 1796 in
848 1737 908 1801 bot.
939 1737 1101 1801 Centralbl.
1135 1741 1227 1809 1905,
1262 1759 1291 1818 p.
1316 1743 1387 1800 359.

148 1823 186 1892 V.
210 1823 377 1888 calcarata
400 1824 481 1904 Ung.
506 1824 596 1885 Reise
618 1844 647 1903 p.
674 1829 742 1886 134.
766 1860 809 1868 -
831 1824 963 1885 Exsicc:
987 1824 1092 1885 Heldr.
1115 1823 1157 1904 pl.
1179 1824 1212 1886 fl.
1236 1823 1345 1887 hellen.
1370 1844 1389 1885 5

143 1916 242 1983 1876;
265 1911 383 1972 Pichler
404 1909 446 1990 pl.
469 1930 512 1989 gr.
537 1931 562 1971 5.
589 1916 681 1974 1876.

100 2052 103 2058 .
229 1996 439 2060 Glabriuscula
461 1997 510 2058 vel
525 1997 697 2059 brevissime
710 1997 953 2078 pupillari-hirta:
977 1995 1136 2059 caudiculis
1158 1996 1309 2077 elongatis,
1332 1997 1388 2057 fili-

140 2085 295 2157 iormibus,
317 2083 382 2144 basi
405 2083 541 2164 aphyllis,
566 2085 596 2143 in
619 2083 734 2144 caulem
758 2085 885 2157 brevem,
908 2084 1080 2166 plerumque
1101 2084 1264 2145 uniflorum
1280 2083 1388 2145 abeun-

140 2169 219 2231 tibus
224 2192 232 2242 ;
244 2171 322 2232 foliis
334 2172 428 2232 ovatis
443 2170 624 2249 oblongisve
637 2172 758 2243 obtusis,
770 2171 957 2233 obtusissime
970 2172 1129 2233 crenulatis
1140 2171 1189 2233 vel
1205 2170 1388 2250 subintegris‚

141 2257 204 2317 fere
226 2256 364 2318 omnibus
387 2257 484 2318 subito
507 2259 536 2317 in
560 2256 703 2337 petiolum
726 2260 892 2331 attenuatis,
920 2260 1032 2319 infimis
1056 2279 1142 2339 saepe
1165 2257 1388 2320 suborbiculari·

140 2344 214 2414 bus;
237 2344 353 2424 stipulis
368 2343 522 2416 laciniatis,
545 2342 653 2406 lacinia
667 2345 812 2406 terminali
824 2345 944 2427 foliaea;
961 2345 1068 2426 sepelis
1084 2344 1262 2418 lanceolatis,
1287 2345 1388 2418 acutia

142 2430 327 2510 subintegris,
351 2431 563 2511 appendicibus
575 2431 776 2504 denticulatis;
799 2432 909 2493 corolla
921 2434 1059 2513 speciosa,
1084 2433 1215 2494 violacea
1231 2430 1278 2492 vel
1299 2431 1388 2504 lutea,

139 2517 246 2577 calcari
266 2517 445 2578 subcurvato
467 2518 593 2578 corollae
616 2518 855 2598 subaequilongo.
880 2555 920 2564 -
944 2519 1119 2580 Praesertim
1141 2519 1280 2580 foliorum
1295 2519 1390 2579 forma

140 2624 158 2664 a
189 2602 226 2666 V.
248 2624 366 2686 praeca
395 2603 482 2664 facile
497 2598 501 2605 ’
515 2605 706 2682 distinguitur
735 2615 764 2666 et
793 2607 848 2667 hac
877 2615 949 2667 nota
980 2607 1074 2686 magis
1105 2606 1143 2666 ad
1177 2605 1212 2669 V.
1234 2604 1389 2688 praailem

141 2710 251 2761 veram,
274 2691 364 2751 idest
385 2690 420 2756 V.
446 2690 643 2773 bithynicam
665 2694 784 2765 accedit,
808 2714 884 2772 quae
899 2704 996 2754 autem
1018 2693 1180 2754 caudiculis
1202 2693 1388 2763 abbreviatis,

140 2776 276 2838 caulibus
299 2778 438 2838 confertis
460 2787 491 2838 et
508 2779 613 2840 calcari
636 2779 716 2840 brevi
740 2780 810 2840 satis
833 2780 963 2841 discedit.

226 2905 257 2980 β,
287 2897 415 2978 spirata
444 2900 516 2963 Hal.
548 2921 650 2979 consp.
681 2901 706 2972 I,
737 2922 764 2980 p.
796 2907 857 2962 142
890 2922 942 2981 pro
976 2921 1038 2964 var.
1069 2900 1104 2965 V.
1133 2899 1321 2965 declinatae.
1345 2937 1388 2945 -

147 2984 183 3047 V.
200 2983 338 3066 praeitis
361 3007 388 3050 v.
412 2987 592 3068 elepantala
613 2986 700 3048 Bald.
722 2989 774 3048 riv.
798 2986 864 3049 coli.
896 2988 953 3049 bot.
976 2988 1035 3049 alb.
1069 2993 1159 3061 1895,
1189 3009 1218 3067 p.
1244 2994 1291 3060 11,
1326 3006 1387 3047 non

89 3070 92 3074 ’
147 3071 183 3135 V.
207 3071 388 3154 elepaatala
409 3073 513 3134 Schott
536 3075 566 3134 in
593 3079 619 3135 ὃ.
643 3075 671 3137 b.
697 3073 872 3135 Wochenbl.
904 3080 996 3148 1857,
1025 3097 1054 3155 p.
1080 3079 1150 3137 167.
1185 3110 1219 3119 -
1253 3075 1388 3134 Exsicc.:

140 3157 226 3219 Bald.
249 3161 280 3220 it.
303 3159 362 3222 alb.
386 3161 456 3240 epir.
479 3160 525 3220 IlI
547 3182 577 3225 n.
597 3166 624 3223 3.
640 3199 683 3208 -
699 3161 821 3233 Elatior,
844 3160 979 3223 caulibus
997 3161 1178 3232 l—bfloris,
1201 3160 1280 3221 foliis
1296 3161 1388 3240 stipu-

139 3244 234 3324 lisque
256 3247 350 3307 multo
373 3247 539 3327 majoribus,
570 3248 679 3327 sepelis
709 3250 892 3310 acuminatis.
923 3285 963 3293 —-
988 3248 1037 3310 W.
1067 3247 1182 3309 Becker
1210 3248 1288 3309 hanc
1321 3247 1341 3308 l.
1364 3269 1389 3308 c.

140 3352 206 3391 meo
227 3352 316 3393 sensu
338 3335 482 3395 immerito
504 3334 542 3394 ad
572 3333 607 3398 V.
631 3334 779 3399 euboeam
807 3344 841 3396 ut
863 3355 1051 3415 synonymon
1082 3334 1189 3406 retulit,
1219 3355 1288 3395 nam
1318 3335 1390 3395 haec

139 3418 201 3499 jam
224 3417 326 3479 habitu
348 3421 470 3480 omnino
492 3420 589 3482 aliena
610 3431 640 3482 et
654 3422 824 3502 praesertim
850 3423 1016 3502 sepalorum
1038 3424 1132 3483 forma
1154 3422 1264 3501 optime
1278 3421 1388 3484 differt.

141 3504 256 3565 Forsan
280 3508 386 3567 rectius
409 3516 443 3569 ut
466 3508 578 3587 species
601 3510 720 3589 propria
741 3510 962 3572 consideranda.

229 3592 267 3652 In
290 3595 407 3673 pascuis
439 3596 566 3674 regionis
596 3596 710 3656 mediae
739 3605 769 3656 et
799 3597 963 3676 superioris.
1009 3595 1146 3657 Euboea:
1175 3604 1225 3656 mt.
1256 3595 1390 3674 Dirphys

140 3678 281 3846 (115111ζί,
306 3680 391 3829 332³
409 3680 524 3832 §parta
549 3717 589 3727 —
611 3689 642 3765 β.
666 3682 791 3763 Epirus:
816 3691 868 3747 mt.
894 3683 1024 3762 Olycika
1045 3683 1126 3746 distr.
1143 3683 1257 3745 Janina
1269 3681 1389 3760 (Reid).

60 3904 104 3957 142
233 3886 328 3949 i'iola
351 3887 521 3951 declinata
541 3896 574 3974 β.
596 3889 740 3964 epirote.
763 3890 909 3953 Delenda.

60 4026 104 4079 145
232 4009 327 4071 Viola
349 4010 506 4074 ariensis
528 4019 559 4094 β.
585 4012 826 4074 Ritaibeliana.
872 4013 960 4074 Adde
982 4013 1095 4075 locum:
1126 4013 1309 4074 Acarnania:
1340 4022 1389 4072 mt.

142 4093 294 4157 Bumistos
317 4098 445 4177 (Maire).
760 4095 762 4098 ’

478 4307 546 4382 XI.
577 4306 691 4383 Ordo.
720 4305 1042 4409 Polygalaceae.

60 4473 107 4526 146
232 4461 396 4539 Polygaia
420 4464 596 4525 vanulosa.
620 4464 709 4525 Adde
731 4464 842 4528 locum:
867 4465 969 4527 Creta:
993 4486 1035 4545 pr.
1058 4464 1156 4526 Males
1179 4465 1261 4527 distr.
1287 4465 1391 4525 Hiera·

145 4555 229 4626 petra
250 4548 395 4628 (Leonis).
